<collection xmlns="http://www.loc.gov/MARC21/slim">
<record>
  <leader>01194nam0a2200241 i 450 </leader>
  <controlfield tag="001">IT\ICCU\CNCE\049520</controlfield>
  <controlfield tag="005">20130507000000.0</controlfield>
  <datafield tag="012" ind1=" " ind2=" ">
    <subfield code="a">imle l-ea Latu coel (3) 1516 (R)</subfield>
    <subfield code="2">fei</subfield>
  </datafield>
  <datafield tag="100" ind1=" " ind2=" ">
    <subfield code="a">19991102d1516        0itac0103    ba</subfield>
  </datafield>
  <datafield tag="101" ind1=" " ind2=" ">
    <subfield code="a">ITA</subfield>
  </datafield>
  <datafield tag="102" ind1=" " ind2=" ">
    <subfield code="a">IT</subfield>
  </datafield>
  <datafield tag="200" ind1="1" ind2=" ">
    <subfield code="a">Vita de sancti padri uulgare historiate nouamente stampate e con diligentia correcte</subfield>
  </datafield>
  <datafield tag="210" ind1=" " ind2=" ">
    <subfield code="e">Stampate ne lalma \!! citta de Milano</subfield>
    <subfield code="g">per magistro Ioanne Angelo Scinzenzeler</subfield>
    <subfield code="h">1516 ad V de Zugno</subfield>
  </datafield>
  <datafield tag="215" ind1=" " ind2=" ">
    <subfield code="a">CLIIII, \4! c.</subfield>
    <subfield code="c">ill.</subfield>
    <subfield code="d">fol</subfield>
  </datafield>
  <datafield tag="620" ind1=" " ind2=" ">
    <subfield code="a">IT</subfield>
    <subfield code="d">Milano</subfield>
  </datafield>
  <datafield tag="712" ind1="0" ind2="0">
    <subfield code="a">Scinzenzeler, Giovanni Angelo</subfield>
    <subfield code="3">IT\ICCU\CNCT\000084</subfield>
    <subfield code="4">650</subfield>
  </datafield>
  <datafield tag="791" ind1="0" ind2="0">
    <subfield code="a">Schinzenzeler, Giovanni Angelo</subfield>
    <subfield code="3">IT\ICCU\CNCT\005621</subfield>
    <subfield code="z">Scinzenzeler, Giovanni Angelo</subfield>
  </datafield>
  <datafield tag="801" ind1=" " ind2="3">
    <subfield code="a">IT</subfield>
    <subfield code="b">ICCU</subfield>
    <subfield code="c">20201115</subfield>
  </datafield>
  <datafield tag="899" ind1=" " ind2=" ">
    <subfield code="a">Biblioteca della Fondazione Ezio Franceschini. Firenze</subfield>
    <subfield code="1">FI0322</subfield>
    <subfield code="2">UFI FF</subfield>
  </datafield>
  <datafield tag="899" ind1=" " ind2=" ">
    <subfield code="a">Biblioteca nazionale Braidense. Milano</subfield>
    <subfield code="1">MI0185</subfield>
    <subfield code="2">MIL NB</subfield>
  </datafield>
  <datafield tag="899" ind1=" " ind2=" ">
    <subfield code="a">Biblioteca Palatina. Parma</subfield>
    <subfield code="z">MUTILO</subfield>
    <subfield code="1">PR0072</subfield>
    <subfield code="2">PAR PA</subfield>
  </datafield>
  <datafield tag="911" ind1=" " ind2=" ">
    <subfield code="a">In fine</subfield>
    <subfield code="9">IT\ICCU\CNCM\001580</subfield>
  </datafield>
  <datafield tag="921" ind1=" " ind2=" ">
    <subfield code="a">IT\ICCU\CNCM\001580</subfield>
    <subfield code="b">Cerchio con croce doppia a bracci obliqui poggiante su tronco. All&apos;interno del cerchio: Io. An. S.</subfield>
    <subfield code="c">U476</subfield>
    <subfield code="d">Dimensioni: 5,5 x 7,9</subfield>
    <subfield code="f">CERCHIO</subfield>
    <subfield code="f">CROCE</subfield>
    <subfield code="f">IOANS</subfield>
    <subfield code="g">1510-1523</subfield>
  </datafield>
</record>
</collection>
